@misc{Rosoff2011,
  author = {Matt Rosoff},
  journal = {Gizmodo},
  title = {Google's Biggest Acquisitions So Far, And What They Became},
  year = {2011},
  urldate = {2017-10-20},
  URL = {http://www.gizmodo.com.au/2011/08/googles-16-biggest-acquisitions-so-far-and-what-happened-to-them/},
}

@misc{AndroidAbout,
  journal = {Android Developers},
  title = {About Android},
  year = {2017},
  urldate = {2017-10-20},
  URL = {https://developer.android.com/about/index.html},
}


@misc{OHA,
  author = {Open Handset Alliance},
  title = {Industry Leaders Announce Open Platform for Mobile Devices},
  address = {Mountain View, California},
  year = {2007},
  urldate = {2017-10-20},
  URL = {https://www.openhandsetalliance.com/press_110507.html},
}

@misc{NetMarketShare,
  journal = {Net Market Share},
  title = {Mobile/Tablet Top Operating System Share Trend},
  year = {2017},
  urldate = {2017-10-20},
  URL = {https://www.netmarketshare.com/operating-system-market-share.aspx},
}

@misc{AndroidSource,
  journal = {Android Source},
  title = {The Android Source Code},
  year = {2017},
  urldate = {2017-10-20},
  URL = {https://source.android.com/source/},
}
@misc{AndroidOpen,
  journal = {How To Geek},
  title = {Android Is “Open” and iOS Is “Closed” — But What Does That Mean to You?},
  year = {2015},
  urldate = {2017-10-20},
  URL = {https://www.howtogeek.com/217593/android-is-open-and-ios-is-closed-but-what-does-that-mean-to-you/},
}
@misc{AndroidCompatibility,
  journal = {Android Source},
  title = {Android Compatibility},
  urldate = {2017-10-20},
  year = {2017},
  URL = {https://source.android.com/compatibility/},
}
@misc{PlatformArchitecture,
  journal = {Android Developers},
  title = {Platform Architecture},
  urldate = {2017-10-20},
  URL = {https://developer.android.com/guide/platform/index.html},
}
@misc{KernelVersions,
  journal = {Android Source Code},
  title = {Kernel Headers},
  urldate = {2017-10-20},
  URL = {https://android.googlesource.com/platform/external/kernel-headers/+refs},
}
@misc{ART,
  journal = {Android Source},
  title = {ART and Dalvik},
  urldate = {2017-10-20},
  URL = {https://source.android.com/devices/tech/dalvik/},
}
@Inbook{Cohen2014,
author="Cohen, Ryan
and Wang, Tao",
title="The Android OS",
bookTitle="Android Application Development for the Intel® Platform",
year="2014",
publisher="Apress",
address="Berkeley, CA",
pages="131--190",
abstract="At the heart of all compute devices is the operating system, or OS. Development and execution of application software are based on the OS and the software platform as a whole. In this chapter, you learn about the Android OS---the recommended software platform for Intel Atom-based machines---to build your competence for subsequent development of embedded applications.",
isbn="978-1-4842-0100-8",
doi="10.1007/978-1-4842-0100-8_5",
url="https://doi.org/10.1007/978-1-4842-0100-8_5"
}
@misc{KernelSecurity,
  journal = {Android Source},
  title = {Kernel Security},
  year = {2017},
  urldate = {2017-10-21},
  URL = {https://source.android.com/security/overview/kernel-security},
}



